%% This BibTeX bibliography file was created using BibDesk.
%% http://bibdesk.sourceforge.net/

%% Created for Sara Nielsen at 2017-02-27 11:30:59 +0100 


%% Saved with string encoding Unicode (UTF-8) 


@comment{jabref-meta: databaseType:bibtex;}



@online{WEB:Meural,
	Author = {Meural},
	Date-Added = {2017-02-27 10:23:46 +0000},
	Date-Modified = {2017-02-27 10:30:55 +0000},
	Note = {Founded by Vladimir Vukicevic and Jerry Hu},
	Title = {Bring culture home},
	Url = {www.meural.com},
	Urldate = {27},
	Urlday = {Mandag},
	Urlmonth = {Februar},
	Urlyear = {2017},
	Year = {2014}}

@book{PDF:PeripheralInteraction,
	Author = {Saskia Bakker and Doris Hausen and Ted Selker},
	Date-Added = {2017-02-27 09:52:46 +0000},
	Date-Modified = {2017-02-27 09:55:54 +0000},
	Editor = {Saskia Bakker and Doris Hausen and Ted Selker And Aarhus University},
	Publisher = {Springer},
	Subtitle = {Challenges and Opportunities for HCI in the Periphery of Attention},
	Title = {Peripheral Interaction},
	Year = {2016}}
